@inproceedings{gnutella,
  Address =      {Washington, DC, USA},
  Author =       {Ripeanu, M.},
  Booktitle =    {P2P '01: Proceedings of the First International Conference on Peer-to-Peer Computing (P2P'01)},
  Pages =        99,
  Publisher =    {IEEE Computer Society},
  Title =        {Peer-to-Peer Architecture Case Study: Gnutella Network},
  Year =         2001
}

@ARTICLE{knuth:1974,
  author =       {Knuth, Donald E.},
  title =        {{C}omputer {P}rogramming as an {A}rt},
  journal =      {Communications of the ACM},
  year =         1974,
  volume =       17,
  pages =        {667--673},
  number =       12,
  address =      {New York, NY, USA},
  publisher =    {ACM Press}
}

@misc{sandvine:2015,
  title =        {{G}lobal {I}nternet {P}henomena},
  year =         2015,
  month =        05,
  author =       {Sandvine - Intelligent Broadband Networks},
  note =      {Waterloo, Ontario, Canada},
  howpublished = "\url{https://www.sandvine.com/downloads/general/global-internet-phenomena/2015/global-internet-phenomena-report-latin-america-and-north-america.pdf}"
}

@misc{Skeen:Chord,
 author = {Emil 'Skeen' Madsen and Rasmus Mosbech Jensen},
 title = {Chord: Proof-of-concept implementation},
 month = {April},
 year = 2016,
 note = {Implemented during 'Internet of Things / Peer Networking' at Aarhus University},
 howpublished = "Unpublished"
}

@article{Stoica:Chord,
 author = {Stoica, Ion and Morris, Robert and Karger, David and Kaashoek, M. Frans and Balakrishnan, Hari},
 title = {Chord: A Scalable Peer-to-peer Lookup Service for Internet Applications},
 journal = {SIGCOMM Comput. Commun. Rev.},
 issue_date = {October 2001},
 volume = {31},
 number = {4},
 month = aug,
 year = {2001},
 issn = {0146-4833},
 pages = {149--160},
 numpages = {12},
 url = {http://doi.acm.org/10.1145/964723.383071},
 doi = {10.1145/964723.383071},
 acmid = {383071},
 publisher = {ACM},
 address = {New York, NY, USA},
}

@inproceedings{Brunskill:Chord,
 author = {Brunskill, Emma},
 title = {Building Peer-to-Peer Systems with Chord, a Distributed Lookup Service},
 booktitle = {Proceedings of the Eighth Workshop on Hot Topics in Operating Systems},
 series = {HOTOS '01},
 year = {2001},
 pages = {81--},
 url = {http://dl.acm.org/citation.cfm?id=874075.876401},
 acmid = {876401},
 publisher = {IEEE Computer Society},
 address = {Washington, DC, USA},
}

@online{kadtools:kad,
    author = {Gordon Hall},
    title = {Kad: Extensible implementation of the Kademlia distributed hash table for Node.js and the browser.},
    year = {2015-->},
    url = {https://github.com/kadtools/kad}
}

@online{kadtools:kad-webrtc,
    author = {Gordon Hall and Emil 'Skeen' Madsen and 'omphalos'},
    title = {Kad-WebRTC: WebRTC transport for 'kad' the Kademlia implementation.},
    year = {2015-->},
    url = {https://github.com/kadtools/kad-webrtc}
}

@online{diasdavid:webrtc-explorer,
    author = {David Dias},
    title = {WebRTC-explorer: P2P Network Routing Overlay designed for the Web platform (browsers)},
    year = {2014-->},
    url = {https://github.com/diasdavid/webrtc-explorer}
}

@online{diasdavid:webrtc-ring,
    author = {David Dias},
    title = {WebRTC-Ring: Chord inspired ring DHT algorithm using WebRTC as transport layer for P2P in the browser.},
    year = {2014-2015},
    url = {https://github.com/diasdavid/webrtc-ring}
}

@online{diasdavid:webrtc-chord,
    author = {David Dias},
    title = {WebRTC-Chord: Enables communicate between several browsers in a p2p/decentralized fashion.},
    year = {2014-2015},
    url = {https://github.com/diasdavid/webrtc-chord}
}

@inproceedings{Maymounkov:Kademlia,
 author = {Maymounkov, Petar and Mazi\`{e}res, David},
 title = {Kademlia: A Peer-to-Peer Information System Based on the XOR Metric},
 booktitle = {Revised Papers from the First International Workshop on Peer-to-Peer Systems},
 series = {IPTPS '01},
 year = {2002},
 isbn = {3-540-44179-4},
 pages = {53--65},
 numpages = {13},
 url = {http://dl.acm.org/citation.cfm?id=646334.687801},
 acmid = {687801},
 publisher = {Springer-Verlag},
 address = {London, UK, UK},
}

@inproceedings{Chawathe:Gia,
 author = {Chawathe, Yatin and Ratnasamy, Sylvia and Breslau, Lee and Lanham, Nick and Shenker, Scott},
 title = {Making Gnutella-like P2P Systems Scalable},
 booktitle = {Proceedings of the 2003 Conference on Applications, Technologies, Architectures, and Protocols for Computer Communications},
 series = {SIGCOMM '03},
 year = {2003},
 isbn = {1-58113-735-4},
 location = {Karlsruhe, Germany},
 pages = {407--418},
 numpages = {12},
 url = {http://doi.acm.org/10.1145/863955.864000},
 doi = {10.1145/863955.864000},
 acmid = {864000},
 publisher = {ACM},
 address = {New York, NY, USA},
 keywords = {Gnutella, distributed hash tables, peer-to-peer},
} 

@inproceedings{Lv:Searching,
 author = {Lv, Qin and Cao, Pei and Cohen, Edith and Li, Kai and Shenker, Scott},
 title = {Search and Replication in Unstructured Peer-to-peer Networks},
 booktitle = {Proceedings of the 16th International Conference on Supercomputing},
 series = {ICS '02},
 year = {2002},
 isbn = {1-58113-483-5},
 location = {New York, New York, USA},
 pages = {84--95},
 numpages = {12},
 url = {http://doi.acm.org/10.1145/514191.514206},
 doi = {10.1145/514191.514206},
 acmid = {514206},
 publisher = {ACM},
 address = {New York, NY, USA},
 keywords = {peer-to-peer, replication, search, unstructured},
} 

@online{netflix,
  author = {Ernesto Van der Sar},
  title = {Netflix Needs BitTorrent Expert to Implement P2P Streaming},
  year = {2015},
  url = {https://torrentfreak.com/netflix-needs-bittorrent-expert-to-implement-p2p-streaming-150520/},
}

@TECHREPORT{Ramabhadran:PHT,
    author = {Sriram Ramabhadran and Sylvia Ratnasamy and Joseph M. Hellerstein and Scott Shenker},
    title = {Prefix Hash Tree: An Indexing Data Structure over Distributed Hash Tables},
    institution = {},
    year = {2004}
}

@INPROCEEDINGS{Tang:LHT, 
    author={Y. Tang and S. Zhou}, 
    booktitle={Distributed Computing Systems, 2008. ICDCS '08. The 28th International Conference on}, 
    title={LHT: A Low-Maintenance Indexing Scheme over DHTs}, 
    year={2008}, 
    pages={141-151}, 
    doi={10.1109/ICDCS.2008.61}, 
    ISSN={1063-6927}, 
    month={June},
}

@online{bittorrent:bep03,
  author = {Bram Cohen},
  title = {The BitTorrent Protocol Specification},
  year = 2008,
  url = {http://www.bittorrent.org/beps/bep_0003.html}
}

@online{bittorrent:bep05,
  author = {Andrew Loewenstern and Arvid Norberg},
  title = {DHT Protocol},
  month = {January},
  year = 2008,
  url = {http://www.bittorrent.org/beps/bep_0005.html}
}

@online{bittorrent:bep09,
  author = {Greg Hazel and Arvid Norberg},
  title = {Extension for Peers to Send Metadata Files},
  year = 2008,
  url = {http://www.bittorrent.org/beps/bep_0009.html}
}

@online{bittorrent:bep11,
  author = {'The 8472'},
  title = {Peer Exchange (PEX)},
  month = {October},
  year = 2015,
  url = {http://www.bittorrent.org/beps/bep_0011.html}
}

@online{bittorrent:bep17,
  author = {John Hoffman and DeHackEd},
  title = {HTTP Seeding},
  month = {February},
  year = 2008,
  url = {http://www.bittorrent.org/beps/bep_0017.html}
}

@online{bittorrent:bep27,
  author = {David Harrison},
  title = {Private torrents},
  year = 2008,
  url = {http://www.bittorrent.org/beps/bep_0027.html}
}

@online{bittorrent:bep44,
  author = {Arvid Norberg and Steven Siloti},
  title = {Storing arbitrary data in the DHT},
  year = 2014,
  url = {http://www.bittorrent.org/beps/bep_0044.html}
}

@TechReport{RFC6455,
  author = {I. Fette and A. Melnikov},
  title = {The WebSocket Protocol},
  howpublished = {Internet Requests for Comments},
  type = {RFC},
  number = {6455},
  year = {2011},
  month = {December},
  issn = {2070-1721},
  publisher = {RFC Editor},
  institution = {RFC Editor},
  url = {http://www.rfc-editor.org/rfc/rfc6455.txt},
  note = {\url{http://www.rfc-editor.org/rfc/rfc6455.txt}},
}

@TechReport{WebRTC,
  author = {Anant Narayanan and Cullen Jennings and Adam Bergkvist and Daniel Burnett},
  title = {WebRTC 1.0: Real-time Communication Between Browsers},
  month = sep,
  note = "\url{http://www.w3.org/TR/2013/WD-webrtc-20130910/}",
  year = "2013",
  bibsource ="http://w2.syronex.com/jmr/w3c-biblio",
  type = "{W3C} Working Draft",
  institution = "W3C",
}

@TechReport{WebStorage,
  author = {Ian Hickson},
  title = {Web Storage (Second Edition)},
  note = "\url{http://www.w3.org/TR/2015/CR-webstorage-20150609/}",
  month = apr,
  year = "2016",
  type = "{W3C} Working Draft",
  institution = "W3C",
}

@TechReport{IndexedDB,
  author = {Nikunj Mehta and Jonas Sicking and Eliot Graff and Andrei Popescu and Jeremy Orlow and Joshua Bell},
  title = {Indexed Database API},
  note = "\url{https://www.w3.org/TR/2015/REC-IndexedDB-20150108/}",
  month = jan,
  year = "2015",
  type = "{W3C} Working Draft",
  institution = "W3C",
}

@TechReport{WebSQL,
  author = {Ian Hickson},
  title = {Web SQL Database},
  note = "\url{https://www.w3.org/TR/2010/NOTE-webdatabase-20101118/}",
  month = nov,
  year = "2010",
  type = "{W3C} Working Draft",
  institution = "W3C",
}

@TechReport{WebTorrent:api,
  author = {Feross Aboukhadijeh and others},
  title = {WebTorrent Documentation},
  note = "\url{https://github.com/feross/webtorrent/blob/master/docs/api.md}",
  month = may,
  year = "2016",
  type = "API",
  institution = "Github",
}

@article{Androutsellis-Theotokis:2004:SPC:1041680.1041681,
 author = {Androutsellis-Theotokis, Stephanos and Spinellis, Diomidis},
 title = {A Survey of Peer-to-peer Content Distribution Technologies},
 journal = {ACM Comput. Surv.},
 issue_date = {December 2004},
 volume = {36},
 number = {4},
 month = dec,
 year = {2004},
 issn = {0360-0300},
 pages = {335--371},
 numpages = {37},
 url = {http://doi.acm.org/10.1145/1041680.1041681},
 doi = {10.1145/1041680.1041681},
 acmid = {1041681},
 publisher = {ACM},
 address = {New York, NY, USA},
 keywords = {Content distribution, DHT, DOLR, grid computing, p2p, peer-to-peer},
} 

@online{gnutella:specifikation,
  author = {Clip2},
  title = {The Annotated Gnutella Protocol Specification v0.4},
  year = 2003,
  url = {http://rfc-gnutella.sourceforge.net/developer/stable/#t3-2-2}
}
